@inproceedings{juergens2009code,
  title={Do code clones matter?},
  author={Juergens, E. and Deissenboeck, F. and Hummel, B. and Wagner, S.},
  booktitle={Proceedings of the 31st International Conference on Software Engineering},
  pages={485--495},
  year={2009},
  organization={IEEE Computer Society}
}
@inproceedings{jiang2007context,
  title={Context-based detection of clone-related bugs},
  author={Jiang, L. and Su, Z. and Chiu, E.},
  booktitle={ESEC/FSE},
  volume={2007},
  year={2007}
}
@inproceedings{gabel2010scalable,
  title={Scalable and systematic detection of buggy inconsistencies in source code},
  author={Gabel, M. and Yang, J. and Yu, Y. and Goldszmidt, M. and Su, Z.},
  booktitle={ACM Sigplan Notices},
  volume={45},
  number={10},
  pages={175--190},
  year={2010},
  organization={ACM}
}
@inproceedings{li2004cp,
  title={CP-Miner: A tool for finding copy-paste and related bugs in operating system code},
  author={Li, Z. and Lu, S. and Myagmar, S. and Zhou, Y.},
  booktitle={Proceedings of the 6th conference on Symposium on Opearting Systems Design \& Implementation},
  volume={6},
  pages={20--20},
  year={2004}
}
@inproceedings{jiang2007deckard,
  title={Deckard: Scalable and accurate tree-based detection of code clones},
  author={Jiang, L. and Misherghi, G. and Su, Z. and Glondu, S.},
  booktitle={Proceedings of the 29th international conference on Software Engineering},
  pages={96--105},
  year={2007},
  organization={IEEE Computer Society}
}
@inproceedings{holmes1994weka,
  title={Weka: A machine learning workbench},
  author={Holmes, G. and Donkin, A. and Witten, I.H.},
  booktitle={Intelligent Information Systems, 1994. Proceedings of the 1994 Second Australian and New Zealand Conference on},
  pages={357--361},
  year={1994},
  organization={Ieee}
}
@book{kantardzic2011data,
  title={Data mining: concepts, models, methods, and algorithms},
  author={Kantardzic, M.},
  year={2011},
  publisher={Wiley-IEEE Press}
}
@inproceedings{renieres2003fault,
  title={Fault localization with nearest neighbor queries},
  author={Renieres, M. and Reiss, S.P.},
  booktitle={Automated Software Engineering, 2003. Proceedings. 18th IEEE International Conference on},
  pages={30--39},
  year={2003},
  organization={IEEE}
}
@phdthesis{martin1995instance,
  title={Instance-based learning: nearest neighbour with generalisation},
  author={Martin, B.},
  year={1995},
  school={University of Waikato}
}
@article{tan2006effective,
  title={An effective refinement strategy for KNN text classifier},
  author={Tan, S.},
  journal={Expert Systems with Applications},
  volume={30},
  number={2},
  pages={290--298},
  year={2006},
  publisher={Elsevier}
}
@article{moore1991intoductory,
  title={An intoductory tutorial on kd-trees},
  author={Moore, A.W.},
  journal={Extract from Andrew Moore's PhD Thesis: Effcient Memory based Learning for Robot Control},
  year={1991},
  publisher={Citeseer}
}
@article{salzberg1991nearest,
  title={A nearest hyperrectangle learning method},
  author={Salzberg, S.},
  journal={Machine learning},
  volume={6},
  number={3},
  pages={251--276},
  year={1991},
  publisher={Springer}
}
@article{wettschereck1995experimental,
  title={An experimental comparison of the nearest-neighbor and nearest-hyperrectangle algorithms},
  author={Wettschereck, D. and Dietterich, T.G.},
  journal={Machine Learning},
  volume={19},
  number={1},
  pages={5--27},
  year={1995},
  publisher={Springer}
}
